% Encoding: UTF-8

@Article{doi:10.1063/1.1668053,
  author       = {Saul T. Epstein},
  title        = {General Remainder Theorem},
  journaltitle = {J. Chem. Phys.},
  date         = {1968},
  volume       = {48},
  number       = {10},
  pages        = {4725-4726},
  doi          = {10.1063/1.1668053},
  eprint       = {https://doi.org/10.1063/1.1668053},
}

@Article{EPSTEIN1980311,
  author       = {Saul T. Epstein},
  title        = {Constraints and the \(V^{2n+1}\) theorem},
  journaltitle = {Chem. Phys. Lett.},
  date         = {1980},
  volume       = {70},
  number       = {2},
  pages        = {311 - 312},
  issn         = {0009-2614},
  doi          = {10.1016/0009-2614(80)85340-1},
  url          = {http://www.sciencedirect.com/science/article/pii/0009261480853401},
}

@Book{Yamaguchi1994,
  author    = {Yamaguchi, Yukio and Goddard, John D. and Osamura, Yoshihiro; and {Schaefer III}, Henry F.},
  title     = {A New Dimension to Quantum Chemistry: Analytic Derivative Methods in Ab Initio Molecular Electronic Structure Theory},
  year      = {1994},
  series    = {International Series of Monographs on Chemistry},
  publisher = {Oxford University Press},
  isbn      = {9780195070286},
  url       = {https://isbnsearch.org/isbn/9780195070286},
  timestamp = {2018.01.29},
}

@Comment{jabref-meta: databaseType:biblatex;}
